<record xmlns="http://www.loc.gov/MARC21/slim" xmlns:xsi="http://www.w3.org/2001/XMLSchema-instance" xsi:schemaLocation="http://www.loc.gov/MARC21/slim http://www.loc.gov/standards/marcxml/schema/MARC21slim.xsd">

  <leader>00622nam a2200145Ia 4500</leader>
  <datafield ind1=" " ind2=" " tag="999">
    <subfield code="c">1226</subfield>
    <subfield code="d">1226</subfield>
  </datafield>
  <controlfield tag="008">170516b2004    cr ||||| |||| 00| | spa d</controlfield>
  <datafield ind1=" " tag="090" ind2=" ">
    <subfield code="a">01.02.05  </subfield>
    <subfield code="b">441</subfield>
  </datafield>
  <datafield ind1="1" ind2=" " tag="110">
    <subfield code="a">Costa Rica. Ministerio de Relaciones Exteriores y Culto</subfield>
    <subfield code="9">2749</subfield>
  </datafield>
  <datafield ind1="1" tag="245" ind2="0">
    <subfield code="a">Política Exterior de Costa Rica en el debate de toda clonación humana /</subfield>
    <subfield code="c">Charles S. Hernández Viale, Editor/a</subfield>
  </datafield>
  <datafield ind1=" " tag="260" ind2=" ">
    <subfield code="a">San José, Costa Rica : </subfield>
    <subfield code="b">Ministerio de Relaciones Exteriores y Culto, </subfield>
    <subfield code="c">2004?</subfield>
  </datafield>
  <datafield tag="300" ind2=" " ind1=" ">
    <subfield code="a">50 página</subfield>
  </datafield>
  <datafield tag="650" ind2="0" ind1=" ">
    <subfield code="a">POLÍTICA EXTERIOR</subfield>
    <subfield code="9">2750</subfield>
  </datafield>
  <datafield ind1="2" ind2=" " tag="710">
    <subfield code="9">2751</subfield>
    <subfield code="a">Instituto del Servicio Exterior Manuel María de Peralta (Costa Rica)</subfield>
  </datafield>
  <datafield tag="942" ind2=" " ind1=" ">
    <subfield code="2">z</subfield>
    <subfield code="c">01</subfield>
  </datafield>
</record>